<?xml version="1.0" encoding="UTF-8"?>
  <record xmlns="http://www.loc.gov/MARC21/slim" type="Authority">
    <leader>00000nz  a2200000nc 4500</leader>
    <controlfield tag="001">11925011X</controlfield>
    <controlfield tag="003">DE-101</controlfield>
    <controlfield tag="005">20220309170440.0</controlfield>
    <controlfield tag="008">950518n||azznnaabn           | aaa    |c</controlfield>
    <datafield tag="024" ind1="7" ind2=" ">
      <subfield code="a">11925011X</subfield>
      <subfield code="0">http://d-nb.info/gnd/11925011X</subfield>
      <subfield code="2">gnd</subfield>
    </datafield>
    <datafield tag="035" ind1=" " ind2=" ">
      <subfield code="a">(DE-101)11925011X</subfield>
    </datafield>
    <datafield tag="035" ind1=" " ind2=" ">
      <subfield code="a">(DE-588)11925011X</subfield>
    </datafield>
    <datafield tag="035" ind1=" " ind2=" ">
      <subfield code="z">(DE-588)174057180</subfield>
    </datafield>
    <datafield tag="035" ind1=" " ind2=" ">
      <subfield code="z">(DE-588a)174057180</subfield>
      <subfield code="9">v:zg</subfield>
    </datafield>
    <datafield tag="035" ind1=" " ind2=" ">
      <subfield code="z">(DE-588a)11925011X</subfield>
      <subfield code="9">v:zg</subfield>
    </datafield>
    <datafield tag="035" ind1=" " ind2=" ">
      <subfield code="z">(DE-588a)160302951</subfield>
    </datafield>
    <datafield tag="035" ind1=" " ind2=" ">
      <subfield code="z">(DE-588c)4376567-1</subfield>
      <subfield code="9">v:zg</subfield>
    </datafield>
    <datafield tag="040" ind1=" " ind2=" ">
      <subfield code="a">DE-386</subfield>
      <subfield code="c">DE-386</subfield>
      <subfield code="9">r:DE-576</subfield>
      <subfield code="b">ger</subfield>
      <subfield code="d">9999</subfield>
    </datafield>
    <datafield tag="042" ind1=" " ind2=" ">
      <subfield code="a">gnd1</subfield>
    </datafield>
    <datafield tag="043" ind1=" " ind2=" ">
      <subfield code="c">XA-IT</subfield>
    </datafield>
    <datafield tag="065" ind1=" " ind2=" ">
      <subfield code="a">31.3p</subfield>
      <subfield code="2">sswd</subfield>
    </datafield>
    <datafield tag="075" ind1=" " ind2=" ">
      <subfield code="b">p</subfield>
      <subfield code="2">gndgen</subfield>
    </datafield>
    <datafield tag="075" ind1=" " ind2=" ">
      <subfield code="b">piz</subfield>
      <subfield code="2">gndspec</subfield>
    </datafield>
    <datafield tag="079" ind1=" " ind2=" ">
      <subfield code="a">g</subfield>
      <subfield code="q">a</subfield>
      <subfield code="q">f</subfield>
      <subfield code="q">s</subfield>
      <subfield code="u">v</subfield>
      <subfield code="u">o</subfield>
    </datafield>
    <datafield tag="100" ind1="0" ind2=" ">
      <subfield code="a">Vignola</subfield>
      <subfield code="d">1507-1573</subfield>
    </datafield>
    <datafield tag="375" ind1=" " ind2=" ">
      <subfield code="a">1</subfield>
      <subfield code="2">iso5218</subfield>
    </datafield>
    <datafield tag="400" ind1="1" ind2=" ">
      <subfield code="a">Da Vignola, Giacomo</subfield>
      <subfield code="d">1507-1573</subfield>
      <subfield code="9">v:4ELRAKm</subfield>
    </datafield>
    <datafield tag="400" ind1="1" ind2=" ">
      <subfield code="a">Barozio, Giacomo</subfield>
      <subfield code="d">1507-1573</subfield>
    </datafield>
    <datafield tag="400" ind1="1" ind2=" ">
      <subfield code="a">Vignola, Il</subfield>
      <subfield code="d">1507-1573</subfield>
    </datafield>
    <datafield tag="400" ind1="0" ind2=" ">
      <subfield code="a">Vignolle</subfield>
      <subfield code="d">1507-1573</subfield>
    </datafield>
    <datafield tag="400" ind1="1" ind2=" ">
      <subfield code="a">Barozzio, Giacomo</subfield>
      <subfield code="d">1507-1573</subfield>
    </datafield>
    <datafield tag="400" ind1="1" ind2=" ">
      <subfield code="a">Vignola, Jacopo Barozzi &#152;da&#156;</subfield>
      <subfield code="d">1507-1573</subfield>
    </datafield>
    <datafield tag="400" ind1="1" ind2=" ">
      <subfield code="a">Borozio, Iacopo</subfield>
      <subfield code="d">1507-1573</subfield>
    </datafield>
    <datafield tag="400" ind1="1" ind2=" ">
      <subfield code="a">Barozzio, Jacopo</subfield>
      <subfield code="d">1507-1573</subfield>
    </datafield>
    <datafield tag="400" ind1="1" ind2=" ">
      <subfield code="a">Barozzi da Vignola, Jiacomo</subfield>
      <subfield code="d">1507-1573</subfield>
    </datafield>
    <datafield tag="400" ind1="1" ind2=" ">
      <subfield code="a">Barozzi, Jakob</subfield>
      <subfield code="d">1507-1573</subfield>
    </datafield>
    <datafield tag="400" ind1="1" ind2=" ">
      <subfield code="a">DaVignola, Giacomo</subfield>
      <subfield code="d">1507-1573</subfield>
      <subfield code="9">v:RAK alt</subfield>
    </datafield>
    <datafield tag="400" ind1="1" ind2=" ">
      <subfield code="a">Barozzi da Vignola, Jacopo</subfield>
      <subfield code="d">1507-1573</subfield>
    </datafield>
    <datafield tag="400" ind1="1" ind2=" ">
      <subfield code="a">Barozzio da Vignole, Giacomo</subfield>
      <subfield code="d">1507-1573</subfield>
    </datafield>
    <datafield tag="400" ind1="1" ind2=" ">
      <subfield code="a">Barozzio da Vignola, Jacopo</subfield>
      <subfield code="d">1507-1573</subfield>
    </datafield>
    <datafield tag="400" ind1="1" ind2=" ">
      <subfield code="a">Barozzio da Vignola, Iacomo</subfield>
      <subfield code="d">1507-1573</subfield>
    </datafield>
    <datafield tag="400" ind1="1" ind2=" ">
      <subfield code="a">DaVignola, Giacomo Barozzi</subfield>
      <subfield code="d">1507-1573</subfield>
    </datafield>
    <datafield tag="400" ind1="1" ind2=" ">
      <subfield code="a">DaVignola, Jacopo Barozzio</subfield>
      <subfield code="d">1507-1573</subfield>
    </datafield>
    <datafield tag="400" ind1="1" ind2=" ">
      <subfield code="a">Vignola, Jacopo Barozzio &#152;da&#156;</subfield>
      <subfield code="d">1507-1573</subfield>
    </datafield>
    <datafield tag="400" ind1="1" ind2=" ">
      <subfield code="a">Vignola, Jacob Barozzio &#152;von&#156;</subfield>
      <subfield code="d">1507-1573</subfield>
    </datafield>
    <datafield tag="400" ind1="1" ind2=" ">
      <subfield code="a">Vignola, Jacob B. &#152;von&#156;</subfield>
      <subfield code="d">1507-1573</subfield>
    </datafield>
    <datafield tag="400" ind1="1" ind2=" ">
      <subfield code="a">Vignola, Jacob</subfield>
      <subfield code="d">1507-1573</subfield>
    </datafield>
    <datafield tag="400" ind1="1" ind2=" ">
      <subfield code="a">Barozzio von Vignola, Jacob</subfield>
      <subfield code="d">1507-1573</subfield>
    </datafield>
    <datafield tag="400" ind1="1" ind2=" ">
      <subfield code="a">Vignola, Jakob Barozzio &#152;von&#156;</subfield>
      <subfield code="d">1507-1573</subfield>
    </datafield>
    <datafield tag="400" ind1="1" ind2=" ">
      <subfield code="a">Barozzi von Bignola, Jakob</subfield>
      <subfield code="d">1507-1573</subfield>
    </datafield>
    <datafield tag="400" ind1="1" ind2=" ">
      <subfield code="a">Barozzi von Vignola, Jakob</subfield>
      <subfield code="d">1507-1573</subfield>
    </datafield>
    <datafield tag="400" ind1="1" ind2=" ">
      <subfield code="a">Vignola, Jakob Barozzi &#152;von&#156;</subfield>
      <subfield code="d">1507-1573</subfield>
    </datafield>
    <datafield tag="400" ind1="1" ind2=" ">
      <subfield code="a">Barozzio von Vignola, Jakob</subfield>
      <subfield code="d">1507-1573</subfield>
    </datafield>
    <datafield tag="400" ind1="0" ind2=" ">
      <subfield code="a">Giacomo</subfield>
      <subfield code="c">da Vignola</subfield>
      <subfield code="d">1507-1573</subfield>
    </datafield>
    <datafield tag="400" ind1="1" ind2=" ">
      <subfield code="a">Barozzi, Iacopo</subfield>
      <subfield code="d">1507-1573</subfield>
    </datafield>
    <datafield tag="400" ind1="1" ind2=" ">
      <subfield code="a">Barozzi, Giacomo</subfield>
      <subfield code="d">1507-1573</subfield>
    </datafield>
    <datafield tag="400" ind1="0" ind2=" ">
      <subfield code="a">Vignole</subfield>
      <subfield code="d">1507-1573</subfield>
    </datafield>
    <datafield tag="400" ind1="1" ind2=" ">
      <subfield code="a">Vignola, Giacomo Barozzi &#152;da&#156;</subfield>
      <subfield code="d">1507-1573</subfield>
    </datafield>
    <datafield tag="400" ind1="1" ind2=" ">
      <subfield code="a">Barozzi da Vignola, Giacomo</subfield>
      <subfield code="d">1507-1573</subfield>
    </datafield>
    <datafield tag="400" ind1="1" ind2=" ">
      <subfield code="a">Barocci da Vignola, Giacomo</subfield>
      <subfield code="d">1507-1573</subfield>
    </datafield>
    <datafield tag="400" ind1="1" ind2=" ">
      <subfield code="a">Barozio de Vignole, Jacques</subfield>
      <subfield code="d">1507-1573</subfield>
    </datafield>
    <datafield tag="400" ind1="1" ind2=" ">
      <subfield code="a">Barozzi da Vignola, Iacomo</subfield>
      <subfield code="d">1507-1573</subfield>
    </datafield>
    <datafield tag="400" ind1="1" ind2=" ">
      <subfield code="a">Barozzi, Jacopo</subfield>
      <subfield code="d">1507-1573</subfield>
    </datafield>
    <datafield tag="400" ind1="1" ind2=" ">
      <subfield code="a">Vignole, Jacques Barozzio &#152;de&#156;</subfield>
      <subfield code="d">1507-1573</subfield>
    </datafield>
    <datafield tag="400" ind1="1" ind2=" ">
      <subfield code="a">Barozzio de Vignole, Jacques</subfield>
      <subfield code="d">1507-1573</subfield>
    </datafield>
    <datafield tag="400" ind1="1" ind2=" ">
      <subfield code="a">De Vignole, Jacques Barozzio</subfield>
      <subfield code="d">1507-1573</subfield>
    </datafield>
    <datafield tag="400" ind1="1" ind2=" ">
      <subfield code="a">Barozzio de Vignola, Jacques</subfield>
      <subfield code="d">1507-1573</subfield>
    </datafield>
    <datafield tag="400" ind1="1" ind2=" ">
      <subfield code="a">Da Vignola, Giacomo Barozzi</subfield>
      <subfield code="d">1507-1573</subfield>
    </datafield>
    <datafield tag="400" ind1="1" ind2=" ">
      <subfield code="a">Barrozio Vignole, Jacopo</subfield>
      <subfield code="d">1507-1573</subfield>
    </datafield>
    <datafield tag="400" ind1="1" ind2=" ">
      <subfield code="a">Vignola, Giacomo Barozio &#152;da&#156;</subfield>
      <subfield code="d">1507-1573</subfield>
    </datafield>
    <datafield tag="400" ind1="0" ind2=" ">
      <subfield code="a">Giacomo</subfield>
      <subfield code="d">1507-1573</subfield>
    </datafield>
    <datafield tag="400" ind1="1" ind2=" ">
      <subfield code="a">Barozzi da Vignola, Iacopo</subfield>
      <subfield code="d">1507-1573</subfield>
    </datafield>
    <datafield tag="400" ind1="1" ind2=" ">
      <subfield code="a">Vignola, Giacomo Barozzio</subfield>
      <subfield code="d">1507-1573</subfield>
    </datafield>
    <datafield tag="400" ind1="1" ind2=" ">
      <subfield code="a">Barozzio, Jacques</subfield>
      <subfield code="d">1507-1573</subfield>
    </datafield>
    <datafield tag="400" ind1="0" ind2=" ">
      <subfield code="a">Viñola</subfield>
      <subfield code="d">1507-1573</subfield>
    </datafield>
    <datafield tag="500" ind1="0" ind2=" ">
      <subfield code="0">(DE-101)104379448</subfield>
      <subfield code="0">(DE-588)104379448</subfield>
      <subfield code="0">https://d-nb.info/gnd/104379448</subfield>
      <subfield code="a">Vignola</subfield>
      <subfield code="d">1540-1584</subfield>
      <subfield code="4">bezf</subfield>
      <subfield code="4">https://d-nb.info/standards/elementset/gnd#familialRelationship</subfield>
      <subfield code="w">r</subfield>
      <subfield code="i">Beziehung familiaer</subfield>
      <subfield code="e">Beziehung familiaer</subfield>
      <subfield code="9">v:Sohn</subfield>
    </datafield>
    <datafield tag="548" ind1=" " ind2=" ">
      <subfield code="a">1507-1573</subfield>
      <subfield code="4">datl</subfield>
      <subfield code="4">https://d-nb.info/standards/elementset/gnd#dateOfBirthAndDeath</subfield>
      <subfield code="w">r</subfield>
      <subfield code="i">Lebensdaten</subfield>
    </datafield>
    <datafield tag="550" ind1=" " ind2=" ">
      <subfield code="0">(DE-101)042328004</subfield>
      <subfield code="0">(DE-588)4232800-7</subfield>
      <subfield code="0">https://d-nb.info/gnd/4232800-7</subfield>
      <subfield code="a">Baumeister</subfield>
      <subfield code="4">berc</subfield>
      <subfield code="4">https://d-nb.info/standards/elementset/gnd#professionOrOccupation</subfield>
      <subfield code="w">r</subfield>
      <subfield code="i">Charakteristischer Beruf</subfield>
    </datafield>
    <datafield tag="550" ind1=" " ind2=" ">
      <subfield code="0">(DE-101)040028445</subfield>
      <subfield code="0">(DE-588)4002844-6</subfield>
      <subfield code="0">https://d-nb.info/gnd/4002844-6</subfield>
      <subfield code="a">Architekt</subfield>
      <subfield code="4">beru</subfield>
      <subfield code="4">https://d-nb.info/standards/elementset/gnd#professionOrOccupation</subfield>
      <subfield code="w">r</subfield>
      <subfield code="i">Beruf</subfield>
    </datafield>
    <datafield tag="551" ind1=" " ind2=" ">
      <subfield code="0">(DE-101)942608429</subfield>
      <subfield code="0">(DE-588)4355147-6</subfield>
      <subfield code="0">https://d-nb.info/gnd/4355147-6</subfield>
      <subfield code="a">Vignola</subfield>
      <subfield code="4">ortg</subfield>
      <subfield code="4">https://d-nb.info/standards/elementset/gnd#placeOfBirth</subfield>
      <subfield code="w">r</subfield>
      <subfield code="i">Geburtsort</subfield>
    </datafield>
    <datafield tag="551" ind1=" " ind2=" ">
      <subfield code="0">(DE-101)040504719</subfield>
      <subfield code="0">(DE-588)4050471-2</subfield>
      <subfield code="0">https://d-nb.info/gnd/4050471-2</subfield>
      <subfield code="a">Rom</subfield>
      <subfield code="4">orts</subfield>
      <subfield code="4">https://d-nb.info/standards/elementset/gnd#placeOfDeath</subfield>
      <subfield code="w">r</subfield>
      <subfield code="i">Sterbeort</subfield>
    </datafield>
    <datafield tag="667" ind1=" " ind2=" ">
      <subfield code="a">12</subfield>
    </datafield>
    <datafield tag="667" ind1=" " ind2=" ">
      <subfield code="a">7</subfield>
    </datafield>
    <datafield tag="667" ind1=" " ind2=" ">
      <subfield code="a">384</subfield>
    </datafield>
    <datafield tag="667" ind1=" " ind2=" ">
      <subfield code="a">SWB</subfield>
    </datafield>
    <datafield tag="667" ind1=" " ind2=" ">
      <subfield code="a">VD-17</subfield>
    </datafield>
    <datafield tag="667" ind1=" " ind2=" ">
      <subfield code="a">VD-18</subfield>
    </datafield>
    <datafield tag="667" ind1=" " ind2=" ">
      <subfield code="a">Quelle: DNB-Normdaten (Info DNB: Italien (XA-IT) Geografischer Bezug Geburtsort: Vignola Sterbeort: Rom Beruf(e) Baumeister Architekt Weitere Angaben Ital. Baumeister)</subfield>
    </datafield>
    <datafield tag="670" ind1=" " ind2=" ">
      <subfield code="a">LCAuth; B 1996</subfield>
    </datafield>
    <datafield tag="670" ind1=" " ind2=" ">
      <subfield code="a">Wikipedia</subfield>
      <subfield code="u">http://de.wikipedia.org/wiki/Giacomo_Barozzi_da_Vignola</subfield>
    </datafield>
    <datafield tag="672" ind1=" " ind2="0">
      <subfield code="a">Annale di Architettura</subfield>
      <subfield code="f">1780</subfield>
    </datafield>
    <datafield tag="672" ind1=" " ind2="0">
      <subfield code="a">Il Vignola illustrato</subfield>
      <subfield code="f">1770</subfield>
    </datafield>
    <datafield tag="672" ind1=" " ind2="0">
      <subfield code="a">Regola delli cinque ordini d'Architettura. - [ca. 1609]</subfield>
    </datafield>
    <datafield tag="672" ind1=" " ind2="0">
      <subfield code="a">Vignola, or the compleat architect</subfield>
      <subfield code="f">1655</subfield>
    </datafield>
    <datafield tag="672" ind1=" " ind2="0">
      <subfield code="a">Nouveau livre des cinq ordres d'architecture. - [ca. 1760]</subfield>
    </datafield>
    <datafield tag="672" ind1=" " ind2="0">
      <subfield code="a">Bürgerliche Baukunst nach den Grundregeln der fünf Säulenord*</subfield>
      <subfield code="f">1815</subfield>
    </datafield>
    <datafield tag="672" ind1=" " ind2="0">
      <subfield code="a">Neue Ausgabe der Lehre von den Säulenordnungen des M. Jacob *</subfield>
      <subfield code="f">1802</subfield>
    </datafield>
    <datafield tag="672" ind1=" " ind2="0">
      <subfield code="a">Lehre von den fünf Säulenordnungen</subfield>
      <subfield code="f">[1827]</subfield>
    </datafield>
    <datafield tag="672" ind1=" " ind2="0">
      <subfield code="a">Vignola: Li cinque ordini di architettura et agiunta del opere</subfield>
      <subfield code="f">1648</subfield>
    </datafield>
    <datafield tag="672" ind1=" " ind2="0">
      <subfield code="a">Le due regole della prospettiva practica</subfield>
      <subfield code="f">1987</subfield>
    </datafield>
    <datafield tag="672" ind1=" " ind2="0">
      <subfield code="a">Hauer, ...: Studia In der Lehre Von den Säulen Ordnungen </subfield>
      <subfield code="f">[1795]</subfield>
    </datafield>
    <datafield tag="672" ind1=" " ind2="0">
      <subfield code="a">Regel der fünff Orden von der Architectur. - [ca. 1640]</subfield>
    </datafield>
    <datafield tag="678" ind1=" " ind2=" ">
      <subfield code="b">Ital. Baumeister</subfield>
    </datafield>
    <datafield tag="678" ind1=" " ind2=" ">
      <subfield code="b">Baumeister</subfield>
    </datafield>
    <datafield tag="678" ind1=" " ind2=" ">
      <subfield code="b">Italien. Baumeister</subfield>
    </datafield>
    <datafield tag="913" ind1=" " ind2=" ">
      <subfield code="S">pnd</subfield>
      <subfield code="i">5</subfield>
      <subfield code="a">Vignola</subfield>
      <subfield code="0">(DE-588a)11925011X</subfield>
    </datafield>
    <datafield tag="913" ind1=" " ind2=" ">
      <subfield code="S">pnd</subfield>
      <subfield code="i">5</subfield>
      <subfield code="a">Vignola</subfield>
      <subfield code="0">(DE-588a)174057180</subfield>
    </datafield>
  </record>
